@book{CitekeyBook,
  title     = "Mathematical physics (core course), Lecture 7",
  author    = "Giuseppe Sellaroli",
  year      = "PSI 2023/2024"
}