@book{CitekeyBook,
  title     = "The Quantum Theory of Fields, Volume 1, Fondations Steven Weinberg",
  year      = 1995
}