@book{CitekeyBook,
  author    = "Aldo Riello",
  title     = "Fourteen Lectures in
CLASSICAL PHYSICS",
  year      = 2023
}

@book{Citekey,
  author    = "David Kubiz\v{n}\'{a}k",
  title     = "Introduction to Relativity",
  year      = 2021
}