@book{CitekeyBook,
  title     = "Statistical Physics, lecture notes, week 4, Emilie Huffman and Giuseppe Sellaroli",
  year      = 2023
}