@misc{SCHMIDT,
  title = {Schmidt decomposition},
  howpublished = {\url{https://en.wikipedia.org/wiki/Schmidt_decomposition}},
  note = {Accessed: 2024-03-14}
}

@misc{INNERP,
  title = {Frobenius inner product},
  howpublished = {\url{https://en.wikipedia.org/wiki/Frobenius_inner_product}},
  note = {Accessed: 2024-03-14}
}