@book{CitekeyBook,
  title     = "Wave packet, Wikipedia",

  url = "https://en.wikipedia.org/wiki/Wave_packet",
  year      = 2023
}